<collection xmlns="http://www.loc.gov/MARC21/slim">
<record>
  <leader>01056nam0a2200241 i 450 </leader>
  <controlfield tag="001">IT\ICCU\CNCE\062379</controlfield>
  <controlfield tag="005">20130912000000.0</controlfield>
  <datafield tag="012" ind1=" " ind2=" ">
    <subfield code="a">,&amp;t* o-um t,ic &amp;hno (3) 1600 (R)</subfield>
    <subfield code="2">fei</subfield>
  </datafield>
  <datafield tag="100" ind1=" " ind2=" ">
    <subfield code="a">20051108d1600        0itac0103    ba</subfield>
  </datafield>
  <datafield tag="101" ind1=" " ind2=" ">
    <subfield code="a">LAT</subfield>
  </datafield>
  <datafield tag="102" ind1=" " ind2=" ">
    <subfield code="a">IT</subfield>
  </datafield>
  <datafield tag="200" ind1="1" ind2=" ">
    <subfield code="a">Statuta magnificae communitatis, &amp; hominum Querciolae</subfield>
  </datafield>
  <datafield tag="210" ind1=" " ind2=" ">
    <subfield code="a">Mutinae</subfield>
    <subfield code="c">apud Franciscum Gadaldinum</subfield>
    <subfield code="d">1600</subfield>
    <subfield code="e">Mutinae</subfield>
    <subfield code="g">apud Franciscum Gadaldinum</subfield>
    <subfield code="h">typographum ducalem</subfield>
    <subfield code="h">1600</subfield>
  </datafield>
  <datafield tag="215" ind1=" " ind2=" ">
    <subfield code="a">46, \2! p.</subfield>
    <subfield code="d">fol</subfield>
  </datafield>
  <datafield tag="620" ind1=" " ind2=" ">
    <subfield code="a">IT</subfield>
    <subfield code="d">Modena</subfield>
  </datafield>
  <datafield tag="710" ind1="0" ind2="2">
    <subfield code="a">Querciola</subfield>
    <subfield code="3">24805</subfield>
  </datafield>
  <datafield tag="712" ind1="0" ind2="0">
    <subfield code="a">Gadaldini, Francesco</subfield>
    <subfield code="3">IT\ICCU\CNCT\000842</subfield>
    <subfield code="4">650</subfield>
  </datafield>
  <datafield tag="791" ind1="0" ind2="0">
    <subfield code="a">Gadaldino, Francesco</subfield>
    <subfield code="3">IT\ICCU\CNCT\004808</subfield>
    <subfield code="z">Gadaldini, Francesco</subfield>
  </datafield>
  <datafield tag="791" ind1="0" ind2="0">
    <subfield code="a">Gadaldinus, Franciscus</subfield>
    <subfield code="3">IT\ICCU\CNCT\004809</subfield>
    <subfield code="z">Gadaldini, Francesco</subfield>
  </datafield>
  <datafield tag="801" ind1=" " ind2="3">
    <subfield code="a">IT</subfield>
    <subfield code="b">ICCU</subfield>
    <subfield code="c">20201115</subfield>
  </datafield>
  <datafield tag="899" ind1=" " ind2=" ">
    <subfield code="a">Biblioteca  Panizzi. Reggio Emilia</subfield>
    <subfield code="1">RE0052</subfield>
    <subfield code="2">RE2 PA</subfield>
  </datafield>
  <datafield tag="911" ind1=" " ind2=" ">
    <subfield code="a">Nel coloph.</subfield>
    <subfield code="9">IT\ICCU\CNCM\002250</subfield>
  </datafield>
  <datafield tag="921" ind1=" " ind2=" ">
    <subfield code="a">IT\ICCU\CNCM\002250</subfield>
    <subfield code="b">Putto con due gigli in mano a cavallo di una tartaruga. In cornice.</subfield>
    <subfield code="c">U785</subfield>
    <subfield code="d">Dimensioni: 4,9 x 5,1</subfield>
    <subfield code="f">PUTTO</subfield>
    <subfield code="f">TARTARUGA</subfield>
    <subfield code="g">1556-1600</subfield>
  </datafield>
</record>
</collection>
